@inproceedings{bouzy2015experimental,
  title={An experimental investigation on the pancake problem},
  author={Bouzy, Bruno},
  booktitle={Workshop on Computer Games},
  pages={30--43},
  year={2015},
  organization={Springer}
}